<?xml version="1.0" encoding="UTF-8"?><record xmlns="http://www.loc.gov/MARC21/slim" xmlns:cinclude="http://apache.org/cocoon/include/1.0" xmlns:zs="http://www.loc.gov/zing/srw/">
  <leader>00934cz  a2200241n  4500</leader>
  <controlfield tag="001">n  89129009 </controlfield>
  <controlfield tag="003">DLC</controlfield>
  <controlfield tag="005">20130412074816.0</controlfield>
  <controlfield tag="008">900122n| azannaabn          |a aaa      </controlfield>
  <datafield tag="010" ind1=" " ind2=" ">
    <subfield code="a">n  89129009 </subfield>
  </datafield>
  <datafield tag="035" ind1=" " ind2=" ">
    <subfield code="a">(OCoLC)oca02671368</subfield>
  </datafield>
  <datafield tag="040" ind1=" " ind2=" ">
    <subfield code="a">DLC</subfield>
    <subfield code="b">eng</subfield>
    <subfield code="e">rda</subfield>
    <subfield code="c">DLC</subfield>
    <subfield code="d">DLC-ON</subfield>
    <subfield code="d">DLC</subfield>
  </datafield>
  <datafield tag="100" ind1="0" ind2=" ">
    <subfield code="a">Piṅgala</subfield>
  </datafield>
  <datafield tag="400" ind1="0" ind2=" ">
    <subfield code="a">Pijgala</subfield>
  </datafield>
  <datafield tag="400" ind1="0" ind2=" ">
    <subfield code="a">Piṅgalanāga</subfield>
  </datafield>
  <datafield tag="400" ind1="0" ind2=" ">
    <subfield code="a">Piṅgalācārya</subfield>
  </datafield>
  <datafield tag="400" ind1="0" ind2=" ">
    <subfield code="a">Pingalacharya</subfield>
  </datafield>
  <datafield tag="670" ind1=" " ind2=" ">
    <subfield code="a">His Chandaḥśāstram, 1981:</subfield>
    <subfield code="b">t.p. (Piṅgalanāga)</subfield>
  </datafield>
  <datafield tag="670" ind1=" " ind2=" ">
    <subfield code="a">LC data base, 1/18/90</subfield>
    <subfield code="b">(hdg.: Piṅgala)</subfield>
  </datafield>
  <datafield tag="670" ind1=" " ind2=" ">
    <subfield code="a">Emeneau, 346-350</subfield>
    <subfield code="b">(Piṅgala)</subfield>
  </datafield>
  <datafield tag="670" ind1=" " ind2=" ">
    <subfield code="a">Dasgupta, S.N. Hist. of Sanskrit lit., 1962:</subfield>
    <subfield code="b">p. 611-12 (Piṅgala; prob. a contemporary of Patañjali)</subfield>
  </datafield>
  <datafield tag="670" ind1=" " ind2=" ">
    <subfield code="a">Vaidika chandah̥śāstramu, 2000: t.p. (Pijala)</subfield>
  </datafield>
  <datafield tag="670" ind1=" " ind2=" ">
    <subfield code="a">Piṅgalācāryakr̥ta Chandaḥśāstra, Vaidika ane laukika Saṃskr̥ta chando, 2008:</subfield>
    <subfield code="b">t.p. (Piṅgalācārya) t.p. verso (Pingalacharya)</subfield>
  </datafield>
</record>